<record><leader>00000cas a2200000 a 4500</leader><controlfield tag="001">12169580</controlfield><controlfield tag="008">850618d18801891ksuwr ne      0    0eng d</controlfield><datafield ind1=" " ind2=" " tag="010"><subfield code="a">sn 85031603 </subfield></datafield><datafield ind1=" " ind2=" " tag="040"><subfield code="a">KSH</subfield><subfield code="b">eng</subfield><subfield code="c">KSH</subfield><subfield code="d">NPT</subfield><subfield code="d">OCL</subfield><subfield code="d">OCLCQ</subfield></datafield><datafield ind1=" " ind2=" " tag="042"><subfield code="a">msc</subfield></datafield><datafield ind1="0" ind2="0" tag="245"><subfield code="a">Ness City times.</subfield></datafield><datafield ind1=" " ind2=" " tag="260"><subfield code="a">Ness City, Kan. :</subfield><subfield code="b">J.F. Wood,</subfield><subfield code="c">-1891.</subfield></datafield><datafield ind1=" " ind2=" " tag="300"><subfield code="a">v. :</subfield><subfield code="b">ill. (chiefly advertisements) ;</subfield><subfield code="c">54-59 cm.</subfield></datafield><datafield ind1=" " ind2=" " tag="310"><subfield code="a">Weekly</subfield></datafield><datafield ind1="0" ind2=" " tag="362"><subfield code="a">-v. 13, no. 24 (June 11, 1891).</subfield></datafield><datafield ind1="1" ind2=" " tag="362"><subfield code="a">Began in 1880.</subfield><subfield code="z">Cf. Rowell, 1882.</subfield></datafield><datafield ind1=" " ind2=" " tag="500"><subfield code="a">Published by: Geo. L. Burton &amp; Philo G. Black, Nov. 11, 1886-Dec. 29, 1887; S.L. Moorehead, Jan. 5, 1888-June 11, 1891.</subfield></datafield><datafield ind1=" " ind2=" " tag="580"><subfield code="a">Continues: Walnut Valley times (non-extant).</subfield></datafield><datafield ind1=" " ind2=" " tag="588"><subfield code="a">Description based on: Vol. 1, no. 41 (June 24, 1880).</subfield></datafield><datafield ind1=" " ind2=" " tag="752"><subfield code="a">United States</subfield><subfield code="b">Kansas</subfield><subfield code="c">Ness</subfield><subfield code="d">Ness City.</subfield></datafield><datafield ind1="1" ind2="0" tag="780"><subfield code="t">Walnut Valley times</subfield></datafield><datafield ind1="0" ind2="4" tag="785"><subfield code="t">Ness County news</subfield><subfield code="w">(DLC)sn 85031604</subfield></datafield><datafield ind1="1" ind2=" " tag="029"><subfield code="a">AU@</subfield><subfield code="b">000020378974</subfield></datafield></record>